@inproceedings{jespersen2015,
  title        = {Session types for Rust},
  author       = {Jespersen, Thomas Bracht Laumann and Munksgaard, Philip and Larsen, Ken Friis},
  booktitle    = {Proceedings of the 11th ACM SIGPLAN Workshop on Generic Programming},
  pages        = {13--22},
  year         = {2015},
  organization = {ACM},
}
@unpublished{fowler2018,
  title        = {Session Types without Tiers},
  author       = {Fowler, Simon and Lindley, Sam and Morris, J Garrett and Decova, S{\'a}ra},
  year         = {2018},
  note         = {Draft on webpage at \url{http://simonjf.com/drafts/zap-draft-mar18.pdf}},
}
@InCollection{honda1993,
  doi          = {10.1007/3-540-57208-2_35},
  url          = {http://dx.doi.org/10.1007/3-540-57208-2_35},
  year         = {1993},
  publisher    = {Springer Nature},
  pages        = {509--523},
  author       = {Kohei Honda},
  title        = {Types for dyadic interaction},
  booktitle    = {{CONCUR}{\textquotesingle}93}
}
@Article{gay2009,
  doi          = {10.1017/s0956796809990268},
  url          = {http://dx.doi.org/10.1017/S0956796809990268},
  year         = {2009},
  month        = {dec},
  publisher    = {Cambridge University Press ({CUP})},
  volume       = {20},
  number       = {01},
  pages        = {19},
  author       = {Simon J. Gay and Vasco T. Vasconcelos},
  title        = {Linear type theory for asynchronous session types},
  journal      = {Journal of Functional Programming}
}
@InProceedings{wadler2012,
  author       = {Wadler, Philip},
  title        = {Propositions As Sessions},
  booktitle    = {Proceedings of the 17th ACM SIGPLAN International
		  Conference on Functional Programming},
  series       = {ICFP '12},
  year         = {2012},
  isbn         = {978-1-4503-1054-3},
  location     = {Copenhagen, Denmark},
  pages        = {273--286},
  numpages     = {14},
  url          = {http://doi.acm.org/10.1145/2364527.2364568},
  doi          = {10.1145/2364527.2364568},
  acmid        = {2364568},
  publisher    = {ACM},
  address      = {New York, NY, USA},
  keywords     = {lambda calculus, linear logic, pi calculus}
}
@article{dardha2017,
  doi          = {10.1016/j.ic.2017.06.002},
  url          = {https://doi.org/10.1016/j.ic.2017.06.002},
  year         = {2017},
  month        = {oct},
  publisher    = {Elsevier {BV}},
  volume       = {256},
  pages        = {253--286},
  author       = {Ornela Dardha and Elena Giachino and Davide Sangiorgi},
  title        = {Session types revisited},
  journal      = {Information and Computation}
}