@article{claessen2015,
  doi           = {10.1017/s0956796815000143},
  url           = {https://doi.org/10.1017/s0956796815000143},
  year          = {2015},
  publisher     = {Cambridge University Press ({CUP})},
  volume        = {25},
  author        = {Koen Claessen and Jonas Dureg{\aa}rd and Micha{\l} H. Pa{\l}ka},
  title         = {Generating constrained random data with uniform distribution},
  journal       = {Journal of Functional Programming}
}
@inproceedings{filinski1994,
  doi           = {10.1145/174675.178047},
  url           = {https://doi.org/10.1145/174675.178047},
  year          = {1994},
  publisher     = {{ACM} Press},
  author        = {Andrzej Filinski},
  title         = {Representing monads},
  booktitle     = {Proceedings of the 21st {ACM} {SIGPLAN}-{SIGACT} symposium on Principles of programming languages  - {POPL} {\textquotesingle}94}
}
@article{weiss2018,
  author        = {Aaron Weiss and Daniel Patterson and Amal Ahmed},
  title         = {Rust Distilled: An Expressive Tower of Languages},
  journal       = {CoRR},
  volume        = {abs/1806.02693},
  year          = {2018},
  url           = {http://arxiv.org/abs/1806.02693},
  archivePrefix = {arXiv},
  eprint        = {1806.02693},
  timestamp     = {Mon, 13 Aug 2018 16:47:54 +0200},
}
@article{jung2017,
  doi           = {10.1145/3158154},
  url           = {https://doi.org/10.1145/3158154},
  year          = {2017},
  month         = dec,
  publisher     = {Association for Computing Machinery ({ACM})},
  volume        = {2},
  number        = {{POPL}},
  pages         = {1--34},
  author        = {Ralf Jung and Jacques-Henri Jourdan and Robbert Krebbers and Derek Dreyer},
  title         = {{RustBelt}: securing the foundations of the rust programming language},
  journal       = {Proceedings of the {ACM} on Programming Languages}
}
@article{fowler2019,
  author        = {Fowler, Simon and Lindley, Sam and Morris, J. Garrett and Decova, S\'{a}ra},
  title         = {Exceptional Asynchronous Session Types: Session Types Without Tiers},
  journal       = {Proc. ACM Program. Lang.},
  issue_date    = {January 2019},
  volume        = {3},
  number        = {POPL},
  month         = jan,
  year          = {2019},
  issn          = {2475-1421},
  pages         = {28:1--28:29},
  articleno     = {28},
  numpages      = {29},
  url           = {http://doi.acm.org/10.1145/3290341},
  doi           = {10.1145/3290341},
  acmid         = {3290341},
  publisher     = {ACM},
  address       = {New York, NY, USA},
  keywords      = {asynchrony, exceptions, session types, web programming},
} 
@inproceedings{jespersen2015,
  title         = {Session types for Rust},
  author        = {Jespersen, Thomas Bracht Laumann and Munksgaard, Philip and Larsen, Ken Friis},
  booktitle     = {Proceedings of the 11th ACM SIGPLAN Workshop on Generic Programming},
  pages         = {13--22},
  year          = {2015},
  organization  = {ACM},
}
@InCollection{honda1993,
  doi           = {10.1007/3-540-57208-2_35},
  url           = {http://dx.doi.org/10.1007/3-540-57208-2_35},
  year          = {1993},
  publisher     = {Springer Nature},
  pages         = {509--523},
  author        = {Kohei Honda},
  title         = {Types for dyadic interaction},
  booktitle     = {{CONCUR}{\textquotesingle}93}
}
@Article{gay2009,
  doi           = {10.1017/s0956796809990268},
  url           = {http://dx.doi.org/10.1017/S0956796809990268},
  year          = {2009},
  month         = {dec},
  publisher     = {Cambridge University Press ({CUP})},
  volume        = {20},
  number        = {01},
  pages         = {19},
  author        = {Simon J. Gay and Vasco T. Vasconcelos},
  title         = {Linear type theory for asynchronous session types},
  journal       = {Journal of Functional Programming}
}
@InProceedings{wadler2012,
  author        = {Wadler, Philip},
  title         = {Propositions As Sessions},
  booktitle     = {Proceedings of the 17th ACM SIGPLAN International
		  Conference on Functional Programming},
  series        = {ICFP '12},
  year          = {2012},
  isbn          = {978-1-4503-1054-3},
  location      = {Copenhagen, Denmark},
  pages         = {273--286},
  numpages      = {14},
  url           = {http://doi.acm.org/10.1145/2364527.2364568},
  doi           = {10.1145/2364527.2364568},
  acmid         = {2364568},
  publisher     = {ACM},
  address       = {New York, NY, USA},
  keywords      = {lambda calculus, linear logic, pi calculus}
}
@article{dardha2017,
  doi           = {10.1016/j.ic.2017.06.002},
  url           = {https://doi.org/10.1016/j.ic.2017.06.002},
  year          = {2017},
  month         = {oct},
  publisher     = {Elsevier {BV}},
  volume        = {256},
  pages         = {253--286},
  author        = {Ornela Dardha and Elena Giachino and Davide Sangiorgi},
  title         = {Session types revisited},
  journal       = {Information and Computation}
}
@inproceedings{scalas2016,
  title         = {Lightweight session programming in Scala},
  author        = {Scalas, Alceste and Yoshida, Nobuko},
  booktitle     = {LIPIcs-Leibniz International Proceedings in Informatics},
  volume        = {56},
  year          = {2016},
  organization  = {Schloss Dagstuhl-Leibniz-Zentrum fuer Informatik}
}
@article{padovani2017,
  title         = {A simple library implementation of binary sessions},
  volume        = {27},
  DOI           = {10.1017/S0956796816000289},
  journal       = {Journal of Functional Programming},
  publisher     = {Cambridge University Press},
  author        = {Padovani, Luca},
  year          = {2017},
  pages         = {e4}
}